
@online{noauthor_solar_nodate,
  title = {Solar {{System Data}}},
  url = {http://hyperphysics.phy-astr.gsu.edu/hbase/Solar/soldata.html},
  urldate = {2019-12-07},
  file = {/Users/ollie/Zotero/storage/EVE4W94C/soldata.html}
}

@online{noauthor_planets_nodate,
  title = {The {{Planets Today}} : {{A}} Live View of the Solar System},
  url = {https://www.theplanetstoday.com/index.html},
  urldate = {2019-12-07},
  file = {/Users/ollie/Zotero/storage/3G75TQF6/index.html}
}

@online{noauthor_planetary_nodate,
  title = {Planetary {{Fact Sheet}}},
  url = {https://nssdc.gsfc.nasa.gov/planetary/factsheet/},
  urldate = {2019-12-07},
  file = {/Users/ollie/Zotero/storage/3WS9VWVN/factsheet.html}
}


